
@book{nielsen2010quantum,
  title={Quantum computation and quantum information},
  author={Nielsen, Michael A and Chuang, Isaac L},
  year={2010},
  publisher={Cambridge university press}
}

@article{bennett1973logical,
  title={Logical reversibility of computation},
  author={Bennett, Charles H},
  journal={IBM journal of Research and Development},
  volume={17},
  number={6},
  pages={525--532},
  year={1973},
  publisher={IBM}
}

@article{barenco1995elementary,
  title={Elementary gates for quantum computation},
  author={Barenco, Adriano and Bennett, Charles H and Cleve, Richard and DiVincenzo, David P and Margolus, Norman and Shor, Peter and Sleator, Tycho and Smolin, John A and Weinfurter, Harald},
  journal={Physical review A},
  volume={52},
  number={5},
  pages={3457},
  year={1995},
  publisher={APS}
}

@article{bremner2002practical,
  title={Practical scheme for quantum computation with any two-qubit entangling gate},
  author={Bremner, Michael J and Dawson, Christopher M and Dodd, Jennifer L and Gilchrist, Alexei and Harrow, Aram W and Mortimer, Duncan and Nielsen, Michael A and Osborne, Tobias J},
  journal={Physical review letters},
  volume={89},
  number={24},
  pages={247902},
  year={2002},
  publisher={APS}
}

@article{boykin1999universal,
  title={On universal and fault-tolerant quantum computing},
  author={Boykin, P Oscar and Mor, Tal and Pulver, Matthew and Roychowdhury, Vwani and Vatan, Farrokh},
  journal={arXiv preprint quant-ph/9906054},
  year={1999}
}

@article{wootters1982single,
  title={A single quantum cannot be cloned},
  author={Wootters, William K and Zurek, Wojciech H},
  journal={Nature},
  volume={299},
  number={5886},
  pages={802--803},
  year={1982},
  publisher={Nature Publishing Group UK London}
}






